<?xml version="1.0" encoding="UTF-8"?><collection xmlns="http://www.loc.gov/MARC21/slim"><record><leader>00434nam--2200133-i-4500</leader><controlfield tag="001">000040810</controlfield><controlfield tag="002">20161230</controlfield><controlfield tag="005">20161230201042</controlfield><controlfield tag="008">060222s1000------------r-----000-0-eng-d</controlfield><datafield ind1=" " ind2=" " tag="080"><subfield code="a">616-07:621.039.83(061.3)</subfield></datafield><datafield ind1=" " ind2=" " tag="100"><subfield code="a">Schwartz,Kklaus-dieter</subfield></datafield><datafield ind1=" " ind2=" " tag="245"><subfield code="a">Xiii.nuklearmedizinisches symposion 17.bis 21 21 mai 1976 in rainhardsbrunn.  wissenschaftliche gesamtredaktion..</subfield></datafield><datafield ind1=" " ind2=" " tag="260"><subfield code="a">Berlin, Isocomertz, 1976. Iv + 316 P</subfield></datafield><datafield ind1=" " ind2=" " tag="852"><subfield code="a">45254</subfield></datafield></record></collection>